\usepackage[style=alphabetic,maxnames=4,minnames=3,maxbibnames=99]{biblatex}

@article{0Isaac,
  title={Isaac Newton: the Last Sorcerer},
  author={ White, M. },
  journal={Macmillan},
}

@article{2016The,
  title={The Cambridge Companion to Newton || A brief introduction to the mathematical work of Isaac Newton},
  author={ Iliffe, Rob  {,}  Smith, George E. },
  volume={10.1017/CCO9781139058568},
  number={9},
  pages={382-420},
  year={2016},
}

@MISC{noauthor_undated-qy,
  howpublished = "\url{https://www.britannica.com/summary/Isaac-Newton.}",
  note         = "Accessed: 2023-3-26"
}

@article{loanStatisticCH1,
    author = "中国人民银行",
    title = "年度金融机构贷款投向统计报告",
    journal = "人民日报" ,
    year = "2022"
}
@misc{database1CH2,
    howpublished ="https://www.kaggle.com/competitions/home-credit-default-risk/data?select=HomeCredit\_columns\_description.csv" ,
    note = "Loan Approval Data Set"
}

@misc{databse2CH2,
    howpublished  = "https://www.kaggle.com/datasets/yashkmd/credit-profile-two-wheeler-loan-dataset",
    note = "全面了解贷款申请人概况(共计两轮贷款)"
}

@article{汽车消费、住房抵押贷款违约特性及对策 ,
author={方兆本 {,} 李红星 {,} 李健伦 {,} 雷娜 },
title={ 汽车消费、住房抵押贷款违约特性及对策 },
journal={运筹与管理},
year={2004},
volume={13},
number={6},
pages={69-73},
month={1},
}

@article{中国省级人口增长率和GDP增长率及其相关关系研究 ,
author={吕安民},
title={ 中国省级人口增长率和GDP增长率及其相关关系研究 },
journal={郑州大学学报（理学版）},
year={2006},
volume={38},
number={1},
pages={110-114},
month={1},
}

@article{基于借款人学历视角的实证检验(高学历抑制还款欠款) ,
author={王先柱 {,} 吴义东 {,} 吴景},
title={ 住房按揭贷款逾期风险识别与管理研究 ——基于借款人学历视角的实证检验 },
journal={浙江工商大学学报},
year={2020},
volume={},
number={4},
pages={125-137},
month={7},
}

@article{李焱文2020互联网贷款个人信用风险影响因素研究综述 ,
author={李焱文 {,} 刘小勇},
title={ 互联网贷款个人信用风险影响因素研究综述 },
journal={时代金融（上旬）},
year={2020},
volume={},
number={12},
pages={89-91,94},
month={12},
}

@article{蔡闽2016流量覆盖风险——网络小额信贷风险控制新思路 ,
author={蔡闽},
title={ 流量覆盖风险——网络小额信贷风险控制新思路 },
journal={金融研究},
year={2016},
volume={},
number={9},
pages={131-144},
month={1},
}


@mastersthesis{栾伊娜2020城市信用环境对个人贷款保证保险违约风险影响的研究 ,
author={栾伊娜},
title={ 城市信用环境对个人贷款保证保险违约风险影响的研究 },
school={上海财经大学},
year={2020},
type={硕士论文},
month={},
}


@article{雷舰2019P2P网贷借款人信用风险因素分析与对策 ,
author={雷舰},
title={ P2P网贷借款人信用风险 因素分析与对策 },
journal={金融理论与实践},
year={2019},
volume={},
number={12},
pages={31-39},
month={1},
}

@mastersthesis{杨青2011个人住房抵押贷款的市场风险研究 ,
author={杨青},
title={ 个人住房抵押贷款的市场风险研究 },
school={对外经济贸易大学},
year={2011},
type={硕士论文},
month={},
}

@article{1ikram2016determinants,
  title={Determinants of non-performing loans: An empirical investigation of bank-specific microeconomic factors},
  author={Ikram, Amir and Su, Qin and Ijaz, Faisal and Fiaz, Muhammad and others},
  journal={Journal of Applied Business Research (JABR)},
  volume={32},
  number={6},
  pages={1723--1736},
  year={2016}
}

@article{2nikolopoulos2017non,
  title={Non-performing loans: A review of the literature and the international experience},
  author={Nikolopoulos, Konstantinos I and Tsalas, Andreas I},
  journal={Non-performing loans and resolving private sector insolvency: Experiences from the EU periphery and the case of Greece},
  pages={47--68},
  year={2017},
  publisher={Springer}
}

@article{3chong2021loan,
  title={Loan delinquency: Some determining factors},
  author={Chong, Fennee},
  journal={Journal of Risk and Financial Management},
  volume={14},
  number={7},
  pages={320},
  year={2021},
  publisher={MDPI}
}

@article{4foglia2022non,
  title={Non-performing loans and macroeconomics factors: the Italian case},
  author={Foglia, Matteo},
  journal={Risks},
  volume={10},
  number={1},
  pages={21},
  year={2022},
  publisher={MDPI}
}